@InProceedings{XMLTK,
  author    = {Avila-Campillo, Iliana and Green, Todd J. and Gupta, Ashish and Onizuka, Makoto and Raven, Demian and Suciu, Dan},
  booktitle = {Proceedings of PLANX},
  title     = {XMLTK: An XML Toolkit for Scalable XML Stream Processing},
  year      = {2002},
  note = {(Also available online at \url{https://www.cs.ucdavis.edu/~green/papers/planx02.pdf})},
}

@online{DBLP-current,
  author = {The dblp team},
  title = {dblp computer science bibliography},
  year = {2023},
  url = {https://dblp.org/xml/release/dblp-2023-01-03.xml.gz},
  note = {Monthly snapshot release of January 2023}
}

@online{Xalan,
  author = {Apache Software Foundation},
  title = {Xalan-C++ Documentation},
  year = {2020},
  url = {https://apache.github.io/xalan-c/},
  note = {Last accessed: 2023-02-04}
}